<?xml version="1.0" encoding="UTF-8"?>
<collection xmlns:xsi="http://www.w3.org/2001/XMLSchema-instance" xsi:schemaLocation="http://www.loc.gov/MARC21/slim http://www.loc.gov/standards/marcxml/schema/MARC21slim.xsd" xmlns="http://www.loc.gov/MARC21/slim">
<record>
  <leader>00688cam a2200181K  4500</leader>
  <controlfield tag="001">4893623</controlfield>
  <controlfield tag="003">NNC</controlfield>
  <controlfield tag="005">20140219130333.0</controlfield>
  <controlfield tag="008">041022s1903    ua            000 0 ara d</controlfield>
  <datafield tag="035" ind1=" " ind2=" ">
    <subfield code="a">(OCoLC)ocm56798505</subfield>
  </datafield>
  <datafield tag="035" ind1=" " ind2=" ">
    <subfield code="a">(NNC)4893623</subfield>
  </datafield>
  <datafield tag="040" ind1=" " ind2=" ">
    <subfield code="a">ZCU</subfield>
    <subfield code="c">ZCU</subfield>
  </datafield>
  <datafield tag="099" ind1=" " ind2=" ">
    <subfield code="a">893.783</subfield>
    <subfield code="a">Aw73</subfield>
  </datafield>
  <datafield tag="100" ind1="1" ind2=" ">
    <subfield code="a">Mursī, ʻUmar ibn Ibrāhīm,</subfield>
    <subfield code="d">-1350 or 1351.</subfield>
  </datafield>
  <datafield tag="245" ind1="1" ind2="3">
    <subfield code="a">al-Qiṣṣah al-fāʾiqah al-sanīyah wa-al-majālis al-rāʾifah al-bahīyah al-musammāh bi-Zahr al-kimām fīmā yataʻallaqu bi-akhbār sayyidinā Yūsuf al-Ṣiddīq ... lijāmi i︠hā ... al-shaykh U︠mar ibn Ibrāhīm al-Awsī.</subfield>
  </datafield>
  <datafield tag="260" ind1=" " ind2=" ">
    <subfield code="a">al-Qāhirah,</subfield>
    <subfield code="c">1903</subfield>
  </datafield>
  <datafield tag="300" ind1=" " ind2=" ">
    <subfield code="a">[1 v.]</subfield>
  </datafield>
  <datafield tag="955" ind1=" " ind2=" ">
    <subfield code="b">CU59032588</subfield>
    <subfield code="d">off,glx</subfield>
    <subfield code="e">893.783 Aw73</subfield>
  </datafield>
</record>
</collection>